@inproceedings{cooc,
author={L. Ladicky and C. Russell and P. Kohli and P. Torr},
title={Graph Cut based Inference with Co-occurrence Statistics},
booktitle={European Conference on Computer Vision},
year	=	{2010},
pages = {239-253},
publisher = {springer}
}

@article{Schrijver2000,
  author  = "Schrijver, A.",
  title   = "A Combinatorial Algorithm Minimizing Submodular Functions in Strongly Polynomial Time",
  journal = "Journal of Combinatorial Theory Series B",
  volume  = "80",
  number  = "2",
  year    = "2000",
  pages   = "346-355"
}

@inproceedings{NarasimhanB05,
  author =	 {M. Narasimhan and J.A. Bilmes},
  title =	 {A Submodular-supermodular Procedure with
                  Applications to Discriminative Structure Learning},
  booktitle =	 {Uncertainty in Artificial Intelligence},
  year =	 2005,
  pages =	 {404-412}
}
 @INPROCEEDINGS{Yuille02theconcave,
    author = {Alan Yuille and Anand Rangarajan and A. L. Yuille},
    title = {The concave-convex procedure (CCCP)},
    booktitle = {Advances in Neural Information Processing Systems 14},
    year = {2002},
    publisher = {MIT Press}
}

@article{BoykovVZ01,
  author    = "Boykov, Y. and Veksler, O. and Zabih, R.",
  title     = "Fast Approximate Energy Minimization via Graph Cuts",
  journal   = "PAMI",
  volume    = "23",
  number    = "11",
  year      = "2001",
}

@inproceedings{FreedmanD05,
  author    = "Freedman, D. and Drineas, P.",
  title     = "Energy Minimization via Graph Cuts: Settling What is Possible",
  booktitle = "CVPR",
  year      = "2005",
  volume    = "2",
  pages     = "939--946"
}

@article{bb30984,
  author    = "Ishikawa, H.",
  title     = "Exact Optimization for {Markov} Random Fields with Convex Priors",
  journal   = "PAMI",
  volume    = "25",
  year      = "2003",
  pages     = "1333--1336"
}

@article{BorosH02,
  author    = "Boros, E. and Hammer, P.~L.",
  title     = "Pseudo-Boolean optimization",
  journal   = "Discrete Appl. Math.",
  volume    = "123",
  number    = "1-3",
  year      = "2002",
  pages     = "155--225",
}

@inproceedings{iwata99strongly,
  author    = "Iwata, S. and McCormick, S.~T. and Shigeno, M.",
  title     = "A Strongly Polynomial Cut Canceling Algorithm for the Submodular Flow Problem",
  booktitle = "ICPO",
  volume    = "LNCS 1610",
  pages     = "259--272",
  year      = "1999"
}

@article{kolPAMI04,
  author    = "Kolmogorov, V. and Zabih, R.",
  title     = "What Energy Functions Can Be Minimized via Graph Cuts?",
  journal   = "PAMI",
  volume    = "26",
  number    = "2",
  year      = "2004",
}

@inproceedings{SzeliskiECCV06,
  author    = "Szeliski, R. and Zabih, R. and Scharstein, D. and Veksler, O. and Kolmogorov, V. and Agarwala, A. and Tappen, M.~F. and Rother, C.",
  title     = "A Comparative Study of Energy Minimization Methods for {Markov} Random Fields",
  booktitle = "ECCV",
  year      = "2006",
  volume    = "2",
  pages     = "16--29"
}

@inproceedings{MeltzerYW05,
  author    = "Meltzer, T. and Yanover, C. and Weiss, Y.",
  title     = "Globally Optimal Solutions for Energy Minimization in Stereo Vision Using Reweighted Belief Propagation",
  booktitle = "ICCV",
  year      = "2005",
  volume    = "1",
  pages     = "428--435",
}

@inproceedings{YedidiaFW00,
  author    = "Yedidia, J.~S. and Freeman, W.~T. and Weiss, Y.",
  title     = "Generalized Belief Propagation",
  booktitle = "NIPS",
  year      = "2000",
  pages     = "689--695"
}

@inproceedings{WainwrightJW01,
  author    = "Wainwright, M.~J. and Jaakkola, T. and Willsky, A.~S.",
  title     = "Tree-based reparameterization for approximate inference on loopy graphs",
  booktitle = "NIPS",
  year      = "2001",
  pages     = "1001--1008",
}

@article{TRW_PAMI,
  author    = "Kolmogorov, V.",
  title     = "Convergent Tree-Reweighted Message Passing for Energy Minimization",
  journal   = "PAMI",
  volume    = "28",
  number    = "10",
  year      = "2006",
  pages     = "1568--1583"
}

@article{PagetL98,
  author    = "Paget, R. and Longstaff, I.~D.",
  title     = "Texture synthesis via a noncausal nonparametric multiscale {Markov} random field",
  journal   = "IEEE Trans.~Image Processing",
  volume    = "7",
  number    = "6",
  year      = "1998",
  pages     = "925--931"
}

@inproceedings{RothB05,
  author    = "Roth, S. and Black, M.~J.",
  title     = "Fields of Experts: A Framework for Learning Image Priors",
  booktitle = "CVPR",
  year      = "2005",
}

@inproceedings{LanRHB06,
  author    = "Lan, X. and Roth, S. and Huttenlocher, D.~P. and Black, M.~J.",
  title     = "Efficient Belief Propagation with Learned Higher-Order {Markov} Random Fields",
  booktitle = "ECCV",
  year      = "2006",
  pages     = "269--282",
}

@inproceedings{laffertyicml01,
  author    = "Lafferty, J. and McCallum, A. and Pereira, F.",
  title     = "Conditional Random Fields: Probabilistic models for segmenting and labelling sequence data",
  booktitle = "ICML",
  year      = "2001",
  pages     = "282--289"
}

@inproceedings{boykoviccv01,
  author    = "Boykov, Y. and Jolly, M.-P.",
  title     = "Interactive Graph Cuts for Optimal Boundary and Region Segmentation of Objects in {N-D} Images",
  booktitle = "ICCV",
  year      = "2001",
  volume    = "1",
  pages     = "105--112"
}

@inproceedings{blakeeccv04,
  author    = "Blake, A. and Rother, C. and Brown, M. and Perez, P. and Torr, P.H.S.",
  title     = "Interactive Image Segmentation Using an Adaptive {GMMRF} Model",
  booktitle = "ECCV",
  year      = "2004",
  volume    = "1",
  pages     = "428--441"
}

@inproceedings{rothersiggraph04,
  author    = "Rother, C. and Kolmogorov, V. and Blake, A.",
  title     = "{GrabCut}: Interactive Foreground Extraction using Iterated Graph Cuts",
  booktitle = "SIGGRAPH",
  year      = "2004",
  pages     = "309--314"
}

@InProceedings{varmacvpr03,
  author    = "Varma, M. and Zisserman, A.",
  title     = "Texture Classification: {A}re Filter Banks Necessary?",
  booktitle = "CVPR",
  year      = "2003",
  volume    = "2",
  pages     = "691--698"
}

@InProceedings{leungiccv99,
  author    = "Leung, T. and Malik, J.",
  title     = "Recognizing surfaces using three-dimensional textons",
  booktitle = "ICCV",
  pages     = "1010--1017",
  volume    = "2",
  year      = "1999"
}

@inproceedings{neubecktexture05,
  author    = "Neubeck, A. and Zalesny, A. and {van Gool}, L.",
  title     = "{3D} Texture Reconstruction from Extensive BTF Data",
  booktitle = "Texture Workshop",
  year      = "2005",
  pages     = "13--19"
}

@inproceedings{kumarbmvc04,
  author    = "Kumar, M.~P. and Torr, P.~H.~S. and Zisserman, A.",
  title     = "Extending Pictorial Structures for Object Recognition",
  booktitle = "BMVC",
  year      = "2004",
  volume    = "2",
  pages     = "789--798"
}

@inproceedings{FitzgibbonWZ03,
  author    = "Fitzgibbon, A. and Wexler, Y. and Zisserman, A.",
  title     = "Image-based rendering using image-based priors",
  booktitle = "ICCV",
  year      = "2003",
  volume    = "2",
  pages     = "1176--1183"
}

@techreport{schlesinger06,
  author      = "Schlesinger, D. and Flach, B.",
  title       = "Transforming an arbitrary MinSum problem into a binary one",
  institution = "Dresden University of Technology",
  number      = "TUD-FI06-01",
  year        = "2006"
}

@article{burkard96,
  author  = "Burkard, R.~E. and Klinz, B. and Rudolf, R.",
  title   = "Properties of monge properties in optimization",
  journal = "Discrete Applied Mathematics",
  volume  = "70",
  number  = "2",
  pages   = "95--161",
  year    = "1996"
}

@techreport{kolmogorov05,
  author      = "Kolmogorov, V.",
  title       = "Primal-dual Algorithm for Convex Markov Random Fields",
  institution = "Microsoft",
  number      = "MSR-TR-2005-117",
  year        = "2005"
}

@inproceedings{veksler07,
  author    = "Veksler, O.",
  title     = "Graph Cuts Based Optimization for {M}RFs with Truncated Convex Priors",
  booktitle = "CVPR",
  year      = "2007"
}

@article{wainwright03,
  author  = "Wainwright, M.~J. and Jaakkola, T.~S. and Willsky, A.~S.",
  title   = "Tree-based reparameterization framework for analysis of sum-product and related algorithms",
  journal = "IEEE Trans. Information Theory",
  year    = "2003",
  volume  = "49",
  number  = "5",
  pages   = "1120--1146"
}

@book{schlesinger89,
  author    = "Schlesinger, M.~I.",
  title     = "Mathematical Tools of Image Processing",
  publisher = "Naukova Dumka",
  address   = "Kiev",
  note      = "In Russian",
  year      = "1989"
}

@inproceedings{levin03,
  author    = "Levin, A. and Zomet, A. and Peleg, S. and Weiss, Y.",
  title     = "Seamless Image Stiching in the Gradient Domain",
  booktitle = "ECCV",
  year      = "2004"
}

@book{grotschel88,
  author    = "Grotschel, M. and Lovasz, L. and Schrijver, A.",
  booktitle = "Geometric algorithms and combinatorial optimization",
  publisher = "Springer-Verlag",
  year      = "1988"
}

@article{iwata01,
  author  = "Iwata, S. and Fleischer, L. and Fujishige, S.",
  title   = "A combinatorial strongly polynomial algorithm for minimizing submodular functions",
  journal = "JACM",
  volume  = "48",
  number  = "4",
  pages   = "761--777",
  year    = "2001"
}

@Article{scharstein01,
  author    = "Scharstein, D. and Szeliski, R.",
  title     = "A taxonomy and evaluation of dense two-frame stereo correspondence algorithm",
  journal   = "IJCV",
  year      = "2002",
  volume    = "47",
  pages     = "7--42"
}

@book{ford62,
  author    = "Ford, L. and Fulkerson, D.",
  title     = "Flows in networks",
  publisher = "Princeton Univ. Press",
  year      = "1962"
}

@book{ahuja93,
  author    = "Ahuja, R.~K. and Magnanti, T.~L. and Orlin, J.~B.",
  title     = "Network Flows: Thoery, Algorithms and Applications",
  publisher = "Prentice Hall",
  year      = "1993"
}

@article{goldberg88,
  author  = "Goldberg, A. and Tarjan, R.",
  title   = "A new approach to the maximum flow problem",
  journal = "JACM",
  volume  = "35",
  number  = "4",
  pages   = "921--940",
  year    = "1988"
}

@article{kalantari86,
  author  = "Kalantari, B.",
  title   = "Quadratic functions with exponential number of local maxima",
  journal = "Operations Research Letters",
  pages   = "47--49",
  volume  = "5",
  number  = "1",
  year    = "1986"
}

@inproceedings{kohlicvpr07,
  author    = "Kohli, P. and Kumar, M.~P. and Torr, P.~H.~S.",
  title     = "P$^3$ \& Beyond: Solving Energies with Higher Order Cliques",
  booktitle = "CVPR",
	pages = {1 - 8}, 
  year      = "2007",
}

@article{gallo89,
  author  = "Gallo, G. and Simeone, B.",
  title   = "On the supermodular knapsack problem",
  journal = "Mathematical Programming: Series A and B",
  volume  = "45",
  number  = "2",
  pages   = "295--309",
  year    = "1989"
}

@article{kolmogorov07,
  author  = "Kolmogorov, V. and Rother, C.",
  title   = "Minimizing non-submodular functions with graph cuts: a review",
  journal = "PAMI",
  year    = "2007",
}

@article{billionnet85,
  author  = "Billionnet, A. and Minoux, M.",
  title   = "Maximizing a supermodular pseudo-boolean function: a polynomial algorithm for supermodular cubic functions",
  journal = "Discrete Appl. Math.",
	volume = "12(1)",
	pages = "1-11",
  year    = "1985"
}

@article{rosenberg80,
  author  = "Rosenberg, I.~G.",
  title   = "Reduction of bivalent maximization to the quadratic case",
  journal = "Cahiers du Centre d'Etudes de Recherche Operationnelle",
  volume  = "17",
  pages   = "71-74",
  year    = "1975"
}

@article{hammer65,
  author  = "Hammer, P.~L.",
  title   = "Some network flow problems solved with pseudo-boolean programming",
  journal = "Operations Research",
  volume  = "13",
  pages   = "388--399",
  year    = "1965"
}

@techreport{hansen,
  author      = "Hansen, P. and Simeone, B.", 
  title       = "A class of quadratic pseudoboolean functions whose maximization is reducible to a network flow problem", 
  institution = "University of Waterloo",
  number      = "CORR 79-39",
}

@article{kohliPAMI07,
  author  = "Kohli, P. and Torr, P.~H.~S.",
  title   = "Dynamic Graph Cuts for Efficient Inference in {Markov} Random Fields",
  journal = "PAMI",
  volume  = "29",
  number  = "12",
  pages   = "2079--2088",
  year    = "2007"
}

@inproceedings{boykov98,
  author    = "Boykov, Y. and Veksler, O. and Zabih, R.",
  title     = "{Markov} Random Fields with Efficient Approximations",
  booktitle = "CVPR", 
  pages     = "648--655", 
  year      = "1998"
}

@article{ishikawa99,
  author    = "Ishikawa, H. and Geiger, D.",
  title     = "Mapping Image Restoration to a Graph Problem",
  booktitle = "IEEE-EURASIP Workshop on Nonlinear Signal and Image Processing",
  year      = "1999"
}

@article{hoiem07,
  author    = "Hoiem, D. and Efros, A.~A. and Hebert, M.",
  title     = "Recovering Surface Layout from an Image",
  journal   = "IJCV",
  year      = "2007",
  volume    = "75",
  number    = "1",
  pages     = "151--172"
}

@inproceedings{potetz07,
  author    = "Potetz, B.",
  title     = "Efficient Belief Propagation for Vision Using Linear Constraint Nodes",
  booktitle = "CVPR", 
  year      = "2007"
}

@article{yang03,
  author    = "Yang, Z. and Purves, D.",
  title     = "Image/source statistics of surfaces in natural scenes",
  journal   = "Network: Comput. Neural Syst.",
  year      = "2003",
}

@article{Felzen06,
   author    = "Felzenszwalb, P.~F. and Huttenlocher, D.~P.",
   title     = "Efficient Belief Propagation for Early Vision",
   journal   = "IJCV",
   volume    = "70",
   number    = "1",
   pages     = "41--54",
   year      = "2006"
}

@inproceedings{rother07,
author="Rother, C. and Kolmogorov, V. and Lempitsky, V. and Szummer, M.", 
title="Optimizing Binary {MRF}s via Extended Roof Duality", 
booktitle="CVPR",
year="2007"
}

@article{flach04,
author="Flach, B. and Schlesinger, D.",
title="Best Labelling Search for a Class of Higher Order {Gibbs} Models",
journal="Pattern Recognition and Image Analysis",
year="2004"
}

@inproceedings{rother05,
author="Rother, C. and Kumar, S. and Kolmogorov, V. and Blake, A.",
title="Digital Tapestry", 
booktitle="CVPR",
year="2005"
}

@inproceedings{orlin07,
author="Orlin, J.~B.",
title="A faster strongly polynomial time algorithm for submodular function minimization",
booktitle="IPCO",
year="2007"
}

@article{orlin09,
author = {J.B. Orlin},
title ={A faster strongly polynomial time algorithm for submodular function minimization},
journal={Mathematical Programming},
volume = {118(2)},
pages = {237-251},
year={2009}
}

@inproceedings{Kohli08,
author    = "Kohli, P. and Ladicky, L. and Torr, P.~H.~S.",
title =    "Robust Higher Order Potentials for Enforcing Label Consistency",
booktitle = "CVPR",
year = "2008"
}

@book{boyd04,
author="Boyd, S. and Vandenberghe, L.",
title="Convex Optimization",
publisher="Cambridge University Press",
year="2004"
}
 
@article{zalesky03,
  author = {B. Zalesky},
  title = {Efficient Determination of Gibbs Estimators with Submodular Energy Functions},
  journal = {http://arxiv.org/abs/math/0304041v1},
  year = {2003}
}

@techreport{RamRR08,
author="S. Ramalingam and P. Kohli and K. Alahari and  P.~H.~S.~Torr",
title="Transforming Multi-Label Higher Order CRFs to Binary Pairwise Ones",
institution="Oxford Brookes University",
year="2008"
}

@inproceedings{schlesinger07,
  author    = "Schlesinger, D.",
  title     = "Exact Solution of Permuted Submodular MinSum Problems",
  booktitle = "EMMCVPR",
  year      = "2007",
  pages     = "28-38"
}

@techreport{Kohli_sup08,
  author    = "Kohli, P. and Ladicky, L. and Torr, P.~H.~S.",
  title     = "Graph Cuts for Minimizing Robust Higher Order Potentials",
  institution = "Oxford Brookes University",
  year      = "2008"
}

@inproceedings{duchi06,
  author    = {J. Duchi and D. Tarlow and G. Elidan and D. Koller},
  title     = {Using Combinatorial Optimization within Max-Produce BP},
  booktitle = {NIPS},
  year      = {2006}
}

@inproceedings{globerson06,
  author    = {A. Globerson and T. Jaakkola},
  title     = {Approximate inference using planar graph decomposition},
  booktitle = {NIPS},
  year      = {2006}
}
@inproceedings{Ramalingam08a,
  author    = {S. Ramalingam and P. Kohli and K. Alahari and P.H.S. Torr},
  title     = {Exact inference in multi-label CRFs with higher order cliques},
  booktitle = {CVPR},
	pages = {1-8},
  year      = {2008}
}
@inproceedings{queyranne02,
  author    = {M. Queyranne},
  title     = {An introduction to submodular function and minimization},
  booktitle = {University of British Columbia, IMA},
  year      = {2002}
}

@article{karmarkar84,
  author    = {N. Karmarkar},
  title     = {A new polynomial time algorithm for linear programming},
  journal   = {Combinatorica},
  volume    = {4}, 
  number    = {4},
  year      = {1984}
}

@article{woodford08,
author  = {O. J. Woodford, P. H. S. Torr, I. D. Reid and A. W. Fitzgibbon},
title   = {Global Stereo Reconstruction under Second Order Smoothness Priors},
journal = {CVPR},
year    = {2008}
}

@article{lovasz83,
author = {L. Lovasz},
title = {Submodular Functions and Convexity},
journal = {Mathematical Programming - The State of the Art},
pages = {235-257},
year = {1983}
}

@article{zivny09a,
author = {S. Zivny and D.A.Cohen and P.G. Jeavons},
title = {The expressive power of binary submodular functions},
journal = {Discrete Applied Mathematics},
volume = {157(15)}, 
pages = {3347-3358}, 
year = {2009}
}

@article{zivny09b,
author = {S. Zivny and P.G. Jeavons},
title = {Classes of submodular constraints expressible by graph cuts},
journal = {Proceedings of CP},
pages = {112-127},
year = {2008}
}

@article{korshunov81,
author = {A.D. Korshunov},
title  = {The number of monotone Boolean functions},
journal = {Problemy Kibernet 38:5-108},
year = {1981}
}


@article{promislow05,
author = {S. Promislow and V. Young},
title = {Supermodular functions on finite lattices},
journal = {Order 22(4)},
year = {2005}
}

@article{authors,
author = {Authors},
title  = {Supplementary Material (Detailed proofs and explanations for the main paper)},
journal = {If you don't have it, please get it from the Area Chair while Reviewing the main paper}
}

@article{GrotschelLS81,
  author    = {M. Gr{\"o}tschel and
               L. Lov{\'a}sz and
               A. Schrijver},
  title     = {The ellipsoid method and its consequences in combinatorial
               optimization},
  journal   = {Combinatorica},
	volume 	=	{1(2)},
	pages = {169-197},
 year      = {1981}
}

@article{Edmonds69,
author ={J. Edmonds},
title = {Submodular functions, matroids and certain polyhedra},
journal ={Calgary International Conference on Combinatorial Structures and their applications},
pages = {69–87},
year = {1969}
}

@ARTICLE{Fleischer01apush-relabel,
    author = {L. Fleischer and S. Iwata},
    title = {A Push-Relabel Framework for Submodular Function Minimization and Applications to Parametric Optimization},
    journal = {Discrete Applied Mathematics},
		volume = {131(2)},
		pages = {311–322},
    year = {2001}
}

@ARTICLE{Iwata00afully,
    author = {S. Iwata},
    title = {A Fully Combinatorial Algorithm for Submodular Function Minimization},
    journal = {Journal of Combinatorial Theory, Series B},
		volume  = {84(2)},
		pages 	=	{203-212},
		year = {2002}
}
@ARTICLE{Iwata01acombinatorial,
    author = {S. Iwata and L. Fleischer and S. Fujishige},
    title = {A combinatorial strongly polynomial algorithm for minimizing submodular functions},
    journal = {J. ACM},
		volume = {48(4)},
		pages 	=	{761-777}, 
    year = {2001}
}
@article{cunningham85,
    author = {W.H. Cunningham},
    title = {On submodular function minimization},
    journal = {Combinatorica},
		volume = {5},
		pages = {185-192},
   year = {1985}
}

@article{queyranne95,
author = {M. Queyranne},
title = {A combinatorial algorithm for minimizing symmetric submodular functions},
journal = {SODA},
pages = {98-101},
year = {1995}
}

@book{west00,
author = {D.B.  West},
title = {Introduction to Graph Theory (2nd Edition)},
publisher ={Printice Hall},
year = {2000}
}

@article{iwata03,
    author = {S. Iwata},
    title = {A faster scaling algorithm for minimizing submodular functions},
    journal={SIAM J. Computing},
		volume = {2337},
		pages = {1-8},
    year = {2003}
}

@inproceedings{ishikawa09,
   author = {H. Ishikawa},
   title={Higher-order clique reduction in binary graph cut},
   booktitle={IEEE Conference on Computer Vision and Pattern Recognition},
   year = {2009}
}

@article{zivny08Report,
author = { S. Zivny and P.G. Jeavons},
title = {Which submodular functions are expressible using binary submodular functions?},
journal = {Oxford University Computing Laboratory Researc Report CS-RR-08-08},
year = {2008}
}

@book{oxley11,
author = {J. Oxley},
title={Matroid Theory},
publisher={Oxford University Press, New York, 2nd Edition},
year={2011}
}

@inproceedings{cohen06_Conf,
author={D.A. Cohen and M.C Cooper and P.G. Jeavons},
title={An algebraic characterisation of complexity for valued constraints },
booktitle={CP},
year={2006}
}

@inproceedings{cohen06,
author = {D.A. Cohen and M.C. Cooper and P. Creed and P.G. Jeavons, S. Zivny},
title = {An Algebraic Theory of Complexity for Discrete Optimization},
booktitle = {SIAM Journal of Computing},
volume = {42(5)},
pages = {1915-193},
year = {2013}
}



@inproceedings{fix11,
author={A. Fix and A. Gruber and E. Boros and R. Zabih},
title={A Graph Cut Algorithm for Higher-order Markov Random Fields},
booktitle={ICCV},
pages = {1020 - 1027},
year={2011}
}

@inproceedings{gallagher11,
author = {A.C. Gallagher and D. Batra and D. Parikh},
title={Inference for Order Reduction in Markov Random Fields},
booktitle={CVPR},
pages = {1857 - 1864},
year={2011}
}

@article{rhys1970,
author = {J.M.W. Rhys},
title = {A selection problem of shared fixed costs and network flows},
journal = {Management Science},
pages = {200 - 207}, 
year = {1970}
}

@article{zivny10constraints,
author = { S. Zivny and P.G. Jeavons},
title = {Classes of Submodular Constraints Expressible by Graph Cuts},
journal = {Constraints},
Volume = {15(3)}, 
pages = {430-452},
year = {2010}
}

@article{trevisan2000SIAM,
author = {L. Trevisan G.B. Sorkin and M. Sudan and D.P. Williamson},
title = {Gadgets, Approximation, and Linear Programming},
journal = {SIAM Journal of Computing},
volume = {29(6)}, 
pages = {2074–2097}, 
year = {2000}
}

@article{fisher1978,
author={M.L. Fisher and G.L. Nemhauser and L.A. Wolsey},
title = {An analysis of approximation for maximizing submodular setfunctions-I},
journal = {Mathematical Programming Studies},
pages = {73-87},
volume = {8},
year={1978}
}

@article{cooper2008constraints,
author = {M.C. Cooper},
title = {Minimization of Locally Defined Submodular Functions by Optimal Soft Arc Consistency},
journal = {Constraints},
volume = {13(4)}, 
pages = {437–458},
year = {2008}
}

@article{kolmogorov2010,
author = {V. Kolmogorov},
title = {Minimizing a Sum of Submodular Functions},
journal = {CoRR abs/1006.1990},
year={2010}
}

@article{hansel66,
author = {G. Hansel},
title = {Sur le nombre des fonctions booleennes monotones de n variables},
journal = {C.R. Acad. Sci. Paris},
year = { 1966}
}

@article{kleitman69,
author = {D. Kleitman},
title = {On Dedekind's Problem: The Number of Monotone Boolean Functions},
journal = {Proc. Amer. Math Soc.},
year = {1969}
}

@book{Yves2011,
author = {Y. Crama and P.L. Hammer},
title={Boolean Functions: Theory, Algorithms and Applications},
publisher={Cambridge University Press},
year={2011}
}
 
@inproceedings{boros2012,
author = {E. Boros and A. Gruber},
title = {On quadratization of pseudo-Boolean functions},
booktitle={ISAIM},
year={2012}
}

@article{Ishikawa2011,
author = {H. Ishikawa},
title = {Transformation of General Binary MRF Minimization to the First-Order Case},
journal = {PAMI},
volume = {13(6)},
pages = {1234 - 1249}, 
year={2011}
}

@article{boros2008,
author = {E. Boros and P.L. Hammer and R. Sun and G. Tavares},
title = {A max-flow approach to improved lower bounds for quadratic unconstrained binary optimization (QUBO)},
journal={Discrete Optimization},
volume = {5(2)},
pages = {501–529},
year={2008}
}

@article{boros1989,
author = {E. Boros and P.L. Hammer},
title = {A max-flow approach to improved roof-duality in quadratic 0-1 minimization},
journal={Technical Report RRR 15-1989, RUTCOR, Rutgers University},
year={1989}
}

@article{Kolmogorov2012,
author  = {V. Kolmogorov},
title   = {Minimizing a sum of submodular functions},
journal = {Discrete Applied Mathematics},
volume = {160(15)}, 
pages =	{2246–2258},
year    = {2012}
}

@inproceedings{Rother2009,
author = {C. Rother and P. Kohli and W. Feng and J. Jia},
title = {Minimizing Sparse Higher Order Energy Functions of Discrete Variables},
booktitle = {CVPR},
year = {2009}
}

@inproceedings{Lee2015,
author = {Y.T. Lee and A. Sidford and S.C. Wong},
title = {A faster cutting plane method and its implications for combinatorial and convex optimization},
booktitle = { In IEEE 56th Annual Symposium on Foundations of Computer Science},
year = {2015}
}

@inproceedings{Nishihara2014,
author = {R. Nishihara and S. Jegelka and M.I. Jordan},
title = {On the Convergence Rate of Decomposable Submodular Function Minimization},
booktitle = {NIPS},
year = {2014}
}

@inproceedings{Zaslavsky1975,
author = {Thomas Zaslavsky},
title = {Facing  up  to  arrangements: face-count formulas for partitions of space by hyperplanes},
booktitle = {American Mathematical Society}, 
year = {1975}
}

@inproceedings{Delalleau2011,
author = {O. Delalleau and Y. Bengio},
title = {Shallow vs. deep sum-product networks},
booktitle = {NIPS},
year = {2011}
}

@article{Cybenko1989,
author = {G. Cybenko},
title = {Approximation by superpositions of a sigmoidal function},
journal = {Mathematics of Control, Signals and Systems},
year = {1989}
}

@article{Hornik1989,
author = {K. Hornik and M. Stinchcombe and H. White},
title = {Multilayer feed-forward networks are universal approximators},
journal = {Neural Networks},
year = {1989}
}